<record><leader>00000cas a2200000 a 4500</leader><controlfield tag="001">16860488</controlfield><controlfield tag="008">871016d19651968txusr ne      0    0eng c</controlfield><datafield ind1=" " ind2=" " tag="010"><subfield code="a">sn 87091028 </subfield></datafield><datafield ind1=" " ind2=" " tag="040"><subfield code="a">PPM</subfield><subfield code="b">eng</subfield><subfield code="c">PPM</subfield><subfield code="d">NST</subfield><subfield code="d">CNW</subfield><subfield code="d">NYS</subfield><subfield code="d">OCLCQ</subfield><subfield code="d">OCLCF</subfield><subfield code="d">OCLCO</subfield></datafield><datafield ind1=" " ind2=" " tag="012"><subfield code="i">9007</subfield></datafield><datafield ind1="1" ind2=" " tag="029"><subfield code="a">AU@</subfield><subfield code="b">000020478596</subfield></datafield><datafield ind1=" " ind2=" " tag="042"><subfield code="a">pcc</subfield></datafield><datafield ind1=" " ind2=" " tag="043"><subfield code="a">n-us-tx</subfield></datafield><datafield ind1="0" ind2=" " tag="130"><subfield code="a">Notes from the underground (Dallas, Tex. : 1965)</subfield></datafield><datafield ind1="1" ind2="0" tag="245"><subfield code="a">Notes from the underground.</subfield></datafield><datafield ind1="3" ind2="0" tag="246"><subfield code="a">Notes on pot</subfield></datafield><datafield ind1=" " ind2=" " tag="260"><subfield code="a">Dallas, TX :</subfield><subfield code="b">[s.n.]</subfield></datafield><datafield ind1=" " ind2=" " tag="310"><subfield code="a">Semimonthly</subfield></datafield><datafield ind1="1" ind2=" " tag="362"><subfield code="a">Began in 1965?</subfield></datafield><datafield ind1="0" ind2=" " tag="362"><subfield code="a">-v. 1, no. 25 (Feb. 16-29, 1968).</subfield></datafield><datafield ind1=" " ind2=" " tag="500"><subfield code="a">Published by students at SMU and other colleges and many off campus friends, Aug. 1-14, 1967-</subfield></datafield><datafield ind1=" " ind2=" " tag="500"><subfield code="a">Issue for Feb. 16-29, 1968 published as: Notes on pot.</subfield></datafield><datafield ind1=" " ind2=" " tag="530"><subfield code="a">Available on microfilm from UMI (Underground Newspaper/Press Collection).</subfield></datafield><datafield ind1=" " ind2=" " tag="588"><subfield code="a">Description based on: Unnumbered issue (June 4, 1965).</subfield></datafield><datafield ind1=" " ind2="0" tag="650"><subfield code="a">Underground press publications</subfield><subfield code="z">Texas</subfield><subfield code="z">Dallas.</subfield></datafield><datafield ind1=" " ind2="0" tag="650"><subfield code="a">Radicalism</subfield><subfield code="z">Texas</subfield><subfield code="z">Dallas</subfield><subfield code="v">Newspapers.</subfield></datafield><datafield ind1=" " ind2="0" tag="651"><subfield code="a">Dallas (Tex.)</subfield><subfield code="v">Newspapers.</subfield></datafield><datafield ind1=" " ind2="0" tag="651"><subfield code="a">Dallas County (Tex.)</subfield><subfield code="v">Newspapers.</subfield></datafield><datafield ind1=" " ind2="7" tag="655"><subfield code="a">Newspapers.</subfield><subfield code="2">fast</subfield><subfield code="0">(OCoLC)fst01423814</subfield></datafield><datafield ind1=" " ind2="7" tag="650"><subfield code="a">Radicalism.</subfield><subfield code="2">fast</subfield><subfield code="0">(OCoLC)fst01087015</subfield></datafield><datafield ind1=" " ind2="7" tag="650"><subfield code="a">Underground press publications.</subfield><subfield code="2">fast</subfield><subfield code="0">(OCoLC)fst01160984</subfield></datafield><datafield ind1=" " ind2="7" tag="651"><subfield code="a">Texas</subfield><subfield code="z">Dallas.</subfield><subfield code="2">fast</subfield><subfield code="0">(OCoLC)fst01204635</subfield></datafield><datafield ind1=" " ind2="7" tag="651"><subfield code="a">Texas</subfield><subfield code="z">Dallas County.</subfield><subfield code="2">fast</subfield><subfield code="0">(OCoLC)fst01205630</subfield></datafield><datafield ind1=" " ind2=" " tag="752"><subfield code="a">United States</subfield><subfield code="b">Texas</subfield><subfield code="c">Dallas</subfield><subfield code="d">Dallas.</subfield></datafield><datafield ind1="0" ind2="0" tag="785"><subfield code="t">Dallas notes</subfield><subfield code="w">(DLC)sn 86090573</subfield><subfield code="w">(OCoLC)14584184</subfield></datafield><datafield ind1=" " ind2=" " tag="850"><subfield code="a">KU-S</subfield></datafield></record>